<?xml version="1.0" encoding="UTF-8"?><collection xmlns="http://www.loc.gov/MARC21/slim"><record><leader>00414nam--2200133-i-4500</leader><controlfield tag="001">000033255</controlfield><controlfield tag="002">20161230</controlfield><controlfield tag="005">20161230201039</controlfield><controlfield tag="008">060222s1000------------r-----000-0-eng-d</controlfield><datafield ind1=" " ind2=" " tag="080"><subfield code="a">015:547:577.1</subfield></datafield><datafield ind1=" " ind2=" " tag="100"><subfield code="a">Momenteau, Michel</subfield></datafield><datafield ind1=" " ind2=" " tag="245"><subfield code="a">Synthese et propietes physico-chimiques de metalloporphyrines d`interet biologique et d`un hemopeptide. these</subfield></datafield><datafield ind1=" " ind2=" " tag="260"><subfield code="a">Orsay, Univ.De Paris-sud, 1971, 169p</subfield></datafield><datafield ind1=" " ind2=" " tag="852"><subfield code="a">38181</subfield></datafield></record></collection>